@manual{sample,
  author = {TU Dortmund},
  title = {Versuch zum Literaturverzeichnis},
  year = 2014
}

@book{Pfeifer,
  author         = {Pfeifer Vacuum},
  title          = {The Vacuum Technology Book Volume 2 },
}
@book{DIN,
  author         = {DIN 28400-1},
  title          = {Titel (deutsch): Vakuumtechnik;Benennung und Definitionen;Allgemeine Benennungen},
  year           = {1990-05}
}

@misc{ dewiki,
author = "Wikipedia",
title = "Vakuum --- Wikipedia{,} die freie Enzyklopädie",
year = "2022",
url = "https://de.wikipedia.org/w/index.php?title=Vakuum&oldid=221079316",
note = "[Online; Stand 4. Mai 2022]"
}

@misc{ luft,
author = "Hessisches Landesamt für Naturschutz, Umwelt und Geologie",
url = "https://www.hlnug.de/themen/luft/grundlagen",
note = "[Online; Stand 4. Mai 2022]"
}
