@manual{sample,
  author = {TU Dortmund},
  title = {Versuch zum Literaturverzeichnis},
  year = 2014
}

@misc{wiki,
   author = "Wikipedia",
   title = "Laser --- Wikipedia{,} die freie Enzyklop√§die",
   year = "2022",
   url = "https://de.wikipedia.org/w/index.php?title=Laser&oldid=221088055",
   note = "[Online; Stand 2. Mai 2022]"
 }

@misc{emission,
  author       = {FiberLabs Inc.},
  title        = {Spontaneous and stimulated emission},
  year         = {2021},
  url          = {https://www.fiberlabs.com/glossary/spontaneous-and-stimulated-emission/},
  note         = "[Online; Stand 2. Mai 2022]"

}

@misc{ enwiki,
author = "{Wikipedia contributors}",
title = "Population inversion --- {Wikipedia}{,} The Free Encyclopedia",
year = "2021",
url = "https://en.wikipedia.org/w/index.php?title=Population_inversion&oldid=1061495803",
note = "[Online; accessed 2-May-2022]"
}