@manual{sample,
  author = {TU Dortmund},
  title = {V48-Dipolrelaxion in Ionenkristallen},
  year = 2021
}
