@manual{sample,
  author = {TU Dortmund},
  title = {Versuch zum Literaturverzeichnis},
  year = 2014
}

@online{roehre,
  author = {Sebastian Kiehlmann},
  title = {Röntgenröhre},
  year = {2010},
  url = {https://lp.uni-goettingen.de/get/text/6639},
  urldate = {2022-06-02}
}

@online{reflexion,
  author = {Arndlast},
  title = {Röntgenreflexion},
  url = {http://www.x-ray-optics.de/index.php/physik/reflexion},
  urldate = {2022-06-03}
}

@book{physik,
  author         = {Bartelmann, Matthias and Feuerbacher, Björn and Krüger, Timm and Lüst, Dieter and Rebhan, Anton and Wipf, Andreas},
  isbn           = {978-3-642-54617-4},
  publisher      = {Springer-Verlag Berlin Heidelberg},
  title          = {Theoretische Physik},
  year           = {2015}
}

@book{nolting,
  author         = {Nolting, Wolfgang},
  isbn = {3-540-20509-8},
  publisher      = {Springer-Verlag Berlin},
  title          = {Grundkurs Theoretische Physik 3: Elektrodynamik},
  year           = {2002},
  page = {298--300}
}

@article{kiessig,
  author          = {Kiessig, Heinz},
  journal         = {Annalen der Physik},
  number          = {7},
  title           = {Interferenz von Röntgenstrahlen an dünnen Schichten},
  volume          = {402},
  year            = {1931}
}