@manual{sample,
  author = {TU Dortmund},
  title = {Versuchsanleitung V47 Temperaturabhängigkeit der Molwärme von Festkörpern},
  year = 2022
}
